<?xml version="1.0" encoding="UTF-8"?><record xmlns="http://www.loc.gov/MARC21/slim" xmlns:cinclude="http://apache.org/cocoon/include/1.0" xmlns:zs="http://www.loc.gov/zing/srw/">
  <leader>00460nz  a2200133n  4500</leader>
  <controlfield tag="001">no 96012463 </controlfield>
  <controlfield tag="003">DLC</controlfield>
  <controlfield tag="005">19960312065311.5</controlfield>
  <controlfield tag="008">960311n| acannaab|          |n ana     a</controlfield>
  <datafield tag="010" ind1=" " ind2=" ">
    <subfield code="a">no 96012463 </subfield>
  </datafield>
  <datafield tag="035" ind1=" " ind2=" ">
    <subfield code="a">(OCoLC)oca04030912 </subfield>
  </datafield>
  <datafield tag="040" ind1=" " ind2=" ">
    <subfield code="a">DNAL</subfield>
    <subfield code="c">DNAL</subfield>
  </datafield>
  <datafield tag="110" ind1="2" ind2="0">
    <subfield code="a">AFWC/EFC/NEFC Committee on Mediterranean Forestry Questions</subfield>
  </datafield>
  <datafield tag="670" ind1=" " ind2=" ">
    <subfield code="a">Report of the sixteenth session of the AFWC/EFC/NEFC Committee on Mediterranean Forestry Questions-- Silva Mediterranea, 1994.</subfield>
  </datafield>
</record>